<?xml version="1.0" encoding="UTF-8"?>
<record>
  <leader>02788nas a2200637#c 4500</leader>
  <controlfield tag="003">DE-605</controlfield>
  <controlfield tag="005">20250111091655.0</controlfield>
  <controlfield tag="007">cr||||||||||||</controlfield>
  <controlfield tag="008">050323c19989999gw a||p|o ||| 0||||1ger c</controlfield>
  <controlfield tag="001">990134555090206441</controlfield>
  <datafield tag="016" ind1="7" ind2=" ">
    <subfield code="a">2182368-6</subfield>
    <subfield code="2">DE-600</subfield>
  </datafield>
  <datafield tag="016" ind1="7" ind2=" ">
    <subfield code="a">027245217</subfield>
    <subfield code="2">DE-101</subfield>
  </datafield>
  <datafield tag="024" ind1="7" ind2=" ">
    <subfield code="2">urn</subfield>
    <subfield code="a">urn:nbn:de:hbz:061:3-17116</subfield>
  </datafield>
  <datafield tag="035" ind1=" " ind2=" ">
    <subfield code="a">(DE-600)2182368-6</subfield>
  </datafield>
  <datafield tag="040" ind1=" " ind2=" ">
    <subfield code="a">0026</subfield>
    <subfield code="b">ger</subfield>
    <subfield code="c">DE-101</subfield>
    <subfield code="d">9999</subfield>
  </datafield>
  <datafield tag="041" ind1=" " ind2=" ">
    <subfield code="a">ger</subfield>
  </datafield>
  <datafield tag="044" ind1=" " ind2=" ">
    <subfield code="c">XA-DE</subfield>
  </datafield>
  <datafield tag="084" ind1=" " ind2=" ">
    <subfield code="a">Nordrhein-Westfalen</subfield>
    <subfield code="0">https://nwbib.de/spatial#N01</subfield>
    <subfield code="2">nwbib</subfield>
  </datafield>
  <datafield tag="084" ind1=" " ind2=" ">
    <subfield code="a">Öffentlicher Haushalt</subfield>
    <subfield code="0">https://nwbib.de/subjects#N424000</subfield>
    <subfield code="2">nwbib</subfield>
  </datafield>
  <datafield tag="084" ind1=" " ind2=" ">
    <subfield code="a">330</subfield>
    <subfield code="q">DE-600</subfield>
    <subfield code="2">sdnb</subfield>
  </datafield>
  <datafield tag="090" ind1=" " ind2=" ">
    <subfield code="n">ha</subfield>
  </datafield>
  <datafield tag="110" ind1="1" ind2=" ">
    <subfield code="a">Nordrhein-Westfalen</subfield>
    <subfield code="0">(DE-588)4042570-8</subfield>
    <subfield code="4">aut</subfield>
    <subfield code="0">https://d-nb.info/gnd/040425703</subfield>
    <subfield code="0">http://viaf.org/viaf/131339289</subfield>
    <subfield code="B">GND-040425703</subfield>
  </datafield>
  <datafield tag="245" ind1="1" ind2="0">
    <subfield code="a">Haushaltsplan / NRW</subfield>
    <subfield code="c">Finanzministerium des Landes Nordrhein-Westfalen</subfield>
  </datafield>
  <datafield tag="246" ind1="3" ind2=" ">
    <subfield code="a">Haushaltsgesetz</subfield>
  </datafield>
  <datafield tag="246" ind1="1" ind2=" ">
    <subfield code="i">Nebent.:</subfield>
    <subfield code="a">Haushaltspläne</subfield>
  </datafield>
  <datafield tag="247" ind1="0" ind2="0">
    <subfield code="a">Haushaltspläne online</subfield>
    <subfield code="f">Nebent. anfangs</subfield>
  </datafield>
  <datafield tag="264" ind1="3" ind2="1">
    <subfield code="a">Düsseldorf</subfield>
    <subfield code="b">Finanzministerium</subfield>
    <subfield code="c">1998-</subfield>
  </datafield>
  <datafield tag="300" ind1=" " ind2=" ">
    <subfield code="a">Online-Ressource</subfield>
  </datafield>
  <datafield tag="336" ind1=" " ind2=" ">
    <subfield code="b">txt</subfield>
  </datafield>
  <datafield tag="337" ind1=" " ind2=" ">
    <subfield code="b">c</subfield>
  </datafield>
  <datafield tag="338" ind1=" " ind2=" ">
    <subfield code="b">cr</subfield>
  </datafield>
  <datafield tag="362" ind1="0" ind2=" ">
    <subfield code="a">Nachgewiesen 1998 - 2003; 2004/05; 2006 -</subfield>
  </datafield>
  <datafield tag="363" ind1="0" ind2="0">
    <subfield code="8">1.1\x</subfield>
    <subfield code="i">1998</subfield>
  </datafield>
  <datafield tag="363" ind1="1" ind2="0">
    <subfield code="8">1.2\x</subfield>
    <subfield code="i">2003</subfield>
  </datafield>
  <datafield tag="363" ind1="0" ind2="0">
    <subfield code="8">2.1\x</subfield>
    <subfield code="i">2004/05</subfield>
  </datafield>
  <datafield tag="363" ind1="0" ind2="1">
    <subfield code="8">3.1\x</subfield>
    <subfield code="i">2006</subfield>
  </datafield>
  <datafield tag="035" ind1=" " ind2=" ">
    <subfield code="a">(DE-599)ZDB2182368-6</subfield>
  </datafield>
  <datafield tag="035" ind1=" " ind2=" ">
    <subfield code="a">(OCoLC)1368138087</subfield>
  </datafield>
  <datafield tag="035" ind1=" " ind2=" ">
    <subfield code="a">(DE-101)027245217</subfield>
  </datafield>
  <datafield tag="960" ind1="1" ind2=" ">
    <subfield code="z">lzZDB</subfield>
  </datafield>
  <datafield tag="960" ind1="1" ind2=" ">
    <subfield code="n">NWBib-61</subfield>
  </datafield>
  <datafield tag="960" ind1="1" ind2=" ">
    <subfield code="r">epfl-61</subfield>
  </datafield>
  <datafield tag="856" ind1="4" ind2="0">
    <subfield code="u">https://nbn-resolving.org/urn:nbn:de:hbz:061:3-17116</subfield>
    <subfield code="x">Resolving-System</subfield>
  </datafield>
  <datafield tag="856" ind1="4" ind2=" ">
    <subfield code="u">http://www.haushalt.fm.nrw.de/daten/html/hhp.html</subfield>
    <subfield code="x">Verlag; 2002 -</subfield>
    <subfield code="z">kostenfrei</subfield>
  </datafield>
  <datafield tag="856" ind1="4" ind2=" ">
    <subfield code="u">https://ezb.ur.de/?2182368-6</subfield>
    <subfield code="x">EZB</subfield>
  </datafield>
  <datafield tag="710" ind1="1" ind2=" ">
    <subfield code="a">Nordrhein-Westfalen</subfield>
    <subfield code="b">Finanzministerium</subfield>
    <subfield code="0">(DE-588)10030850-8</subfield>
    <subfield code="4">isb</subfield>
    <subfield code="0">https://d-nb.info/gnd/963177966</subfield>
    <subfield code="0">http://viaf.org/viaf/128773712</subfield>
    <subfield code="B">GND-963177966</subfield>
  </datafield>
  <datafield tag="776" ind1="0" ind2="8">
    <subfield code="i">Erscheint auch als</subfield>
    <subfield code="n">Druck-Ausgabe</subfield>
    <subfield code="a">Nordrhein-Westfalen</subfield>
    <subfield code="t">Haushaltsplan / Nordrhein-Westfalen</subfield>
    <subfield code="d">[Düsseldorf] : [Verlag nicht ermittelbar], 1947-</subfield>
    <subfield code="w">(DE-600)2395-4</subfield>
  </datafield>
  <datafield tag="776" ind1="0" ind2="8">
    <subfield code="i">Erscheint auch als</subfield>
    <subfield code="n">Druck-Ausgabe</subfield>
    <subfield code="a">Nordrhein-Westfalen</subfield>
    <subfield code="t">Haushaltsplan / Haushaltsgesetz. Haushaltsgesetz / Nordrhein-Westfalen</subfield>
    <subfield code="d">[Düsseldorf] : [Finanzministerium des Landes Nordrhein-Westfalen], 1952-</subfield>
    <subfield code="w">(DE-600)220478-2</subfield>
  </datafield>
  <datafield tag="776" ind1="0" ind2="8">
    <subfield code="i">Erscheint auch als</subfield>
    <subfield code="n">CD-ROM-Ausgabe, 1998-2022</subfield>
    <subfield code="a">Nordrhein-Westfalen</subfield>
    <subfield code="t">Haushaltsplan / Nordrhein-Westfalen</subfield>
    <subfield code="d">Düsseldorf : Ministerium der Finanzen des Landes Nordrhein-Westfalen, 1998-[2022]</subfield>
    <subfield code="h">CD-ROM</subfield>
    <subfield code="w">(DE-600)1452831-9</subfield>
  </datafield>
  <datafield tag="655" ind1=" " ind2="7">
    <subfield code="a">Zeitschrift</subfield>
    <subfield code="0">(DE-588)4067488-5</subfield>
    <subfield code="2">gnd-content</subfield>
  </datafield>
  <datafield tag="655" ind1=" " ind2="7">
    <subfield code="a">Haushaltsplan</subfield>
    <subfield code="0">(DE-588)4072349-5</subfield>
    <subfield code="2">gnd-content</subfield>
  </datafield>
  <datafield tag="500" ind1=" " ind2=" ">
    <subfield code="a">Frühere Jahrgänge online nicht mehr verfügbar</subfield>
  </datafield>
  <datafield tag="500" ind1=" " ind2=" ">
    <subfield code="a">Gesehen am 12.03.14</subfield>
  </datafield>
  <datafield tag="500" ind1=" " ind2=" ">
    <subfield code="a">Fortsetzung der CD-ROM-Ausgabe</subfield>
  </datafield>
  <datafield tag="501" ind1=" " ind2=" ">
    <subfield code="a">Inhaltl. Gliederung in Haushaltsgesetz u. Einzelpläne</subfield>
  </datafield>
  <datafield tag="591" ind1=" " ind2=" ">
    <subfield code="a">HZV!URL-Ä(15-08-08)464!URL-Ä(16-05-11)</subfield>
  </datafield>
  <datafield tag="MBD" ind1=" " ind2=" ">
    <subfield code="M">49HBZ_NETWORK</subfield>
    <subfield code="i">990134555090206441</subfield>
    <subfield code="n">HBZ Network</subfield>
  </datafield>
  <datafield tag="MBD" ind1=" " ind2=" ">
    <subfield code="M">49HBZ_DUE</subfield>
    <subfield code="i">990016603550206443</subfield>
    <subfield code="n">Universität Düsseldorf</subfield>
  </datafield>
  <datafield tag="MNG" ind1=" " ind2=" ">
    <subfield code="c">System</subfield>
    <subfield code="f">HBZ</subfield>
    <subfield code="i">marc21</subfield>
    <subfield code="h">20240419181549.0</subfield>
    <subfield code="l">71</subfield>
    <subfield code="k">01</subfield>
    <subfield code="e">false</subfield>
    <subfield code="d">2025-02-16 21:54:35 Europe/Berlin</subfield>
    <subfield code="g">013455509-HBZ01</subfield>
    <subfield code="j">90</subfield>
    <subfield code="a">import</subfield>
    <subfield code="b">2021-04-05 23:04:52 Europe/Berlin</subfield>
  </datafield>
  <datafield tag="POR" ind1=" " ind2=" ">
    <subfield code="j">E-Pflicht VL</subfield>
    <subfield code="x">System</subfield>
    <subfield code="a">53738940520006441</subfield>
    <subfield code="M">49HBZ_NETWORK</subfield>
    <subfield code="p">61737809920006441</subfield>
    <subfield code="q">E-Pflicht - E-Pflicht ULB Düsseldorf (epfl-61)</subfield>
    <subfield code="c">static</subfield>
    <subfield code="B">Selektionskennzeichen: epfl-61
NZ Phase 1 – Wave 1: NZ-P2E</subfield>
    <subfield code="A">49HBZ_DUE</subfield>
    <subfield code="A">49HBZ_ULB</subfield>
    <subfield code="A">49HBZ_UBO</subfield>
    <subfield code="y">2021-04-16 12:13:38 Europe/Berlin</subfield>
    <subfield code="w">2021-04-16 12:13:32 Europe/Berlin</subfield>
    <subfield code="D">https://eu04.alma.exlibrisgroup.com/view/uresolver/49HBZ_NETWORK/openurl?u.ignore_date_coverage=true&amp;portfolio_pid=53738940520006441&amp;Force_direct=true</subfield>
    <subfield code="v">System</subfield>
    <subfield code="z">2021-04-16 10:13:32</subfield>
    <subfield code="i">false</subfield>
    <subfield code="S">62737809910006441</subfield>
    <subfield code="d">https://hbz-network.userservices.exlibrisgroup.com/view/uresolver/49HBZ_NETWORK/openurl?u.ignore_date_coverage=true&amp;rft.mms_id=990134555090206441</subfield>
    <subfield code="b">Available</subfield>
    <subfield code="f">BOOK</subfield>
    <subfield code="e">http://www.haushalt.fm.nrw.de/daten/html/hhp.html</subfield>
    <subfield code="8">53738940520006441</subfield>
  </datafield>
  <datafield tag="POR" ind1=" " ind2=" ">
    <subfield code="j">E-Pflicht VL</subfield>
    <subfield code="x">System</subfield>
    <subfield code="a">53738940540006441</subfield>
    <subfield code="M">49HBZ_NETWORK</subfield>
    <subfield code="p">61737809920006441</subfield>
    <subfield code="q">E-Pflicht - E-Pflicht ULB Düsseldorf (epfl-61)</subfield>
    <subfield code="c">static</subfield>
    <subfield code="B">Selektionskennzeichen: epfl-61
NZ Phase 1 – Wave 1: NZ-P2E</subfield>
    <subfield code="A">49HBZ_DUE</subfield>
    <subfield code="A">49HBZ_ULB</subfield>
    <subfield code="A">49HBZ_UBO</subfield>
    <subfield code="y">2021-04-16 12:13:38 Europe/Berlin</subfield>
    <subfield code="w">2021-04-16 12:13:32 Europe/Berlin</subfield>
    <subfield code="D">https://eu04.alma.exlibrisgroup.com/view/uresolver/49HBZ_NETWORK/openurl?u.ignore_date_coverage=true&amp;portfolio_pid=53738940540006441&amp;Force_direct=true</subfield>
    <subfield code="v">System</subfield>
    <subfield code="z">2021-04-16 10:13:32</subfield>
    <subfield code="i">false</subfield>
    <subfield code="S">62737809910006441</subfield>
    <subfield code="d">https://hbz-network.userservices.exlibrisgroup.com/view/uresolver/49HBZ_NETWORK/openurl?u.ignore_date_coverage=true&amp;rft.mms_id=990134555090206441</subfield>
    <subfield code="b">Available</subfield>
    <subfield code="f">BOOK</subfield>
    <subfield code="e">http://nbn-resolving.de/urn:nbn:de:hbz:061:3-17116</subfield>
    <subfield code="8">53738940540006441</subfield>
  </datafield>
  <datafield tag="POR" ind1=" " ind2=" ">
    <subfield code="j">E-Pflicht VL</subfield>
    <subfield code="x">System</subfield>
    <subfield code="a">53738940500006441</subfield>
    <subfield code="M">49HBZ_NETWORK</subfield>
    <subfield code="p">61737809920006441</subfield>
    <subfield code="q">E-Pflicht - E-Pflicht ULB Düsseldorf (epfl-61)</subfield>
    <subfield code="c">static</subfield>
    <subfield code="B">Selektionskennzeichen: epfl-61
NZ Phase 1 – Wave 1: NZ-P2E</subfield>
    <subfield code="A">49HBZ_DUE</subfield>
    <subfield code="A">49HBZ_ULB</subfield>
    <subfield code="A">49HBZ_UBO</subfield>
    <subfield code="y">2021-04-16 12:13:38 Europe/Berlin</subfield>
    <subfield code="w">2021-04-16 12:13:32 Europe/Berlin</subfield>
    <subfield code="D">https://eu04.alma.exlibrisgroup.com/view/uresolver/49HBZ_NETWORK/openurl?u.ignore_date_coverage=true&amp;portfolio_pid=53738940500006441&amp;Force_direct=true</subfield>
    <subfield code="v">System</subfield>
    <subfield code="z">2021-04-16 10:13:32</subfield>
    <subfield code="i">false</subfield>
    <subfield code="S">62737809910006441</subfield>
    <subfield code="d">https://hbz-network.userservices.exlibrisgroup.com/view/uresolver/49HBZ_NETWORK/openurl?u.ignore_date_coverage=true&amp;rft.mms_id=990134555090206441</subfield>
    <subfield code="b">Available</subfield>
    <subfield code="f">BOOK</subfield>
    <subfield code="e">http://www.bibliothek.uni-regensburg.de/ezeit/?2182368</subfield>
    <subfield code="8">53738940500006441</subfield>
  </datafield>
  <datafield tag="GSI" ind1="7" ind2=" ">
    <subfield code="a">4042570-8</subfield>
    <subfield code="0">http://d-nb.info/gnd/4042570-8</subfield>
    <subfield code="2">gnd</subfield>
    <subfield code="A">GND</subfield>
    <subfield code="B">GND-040425703</subfield>
    <subfield code="C">024</subfield>
  </datafield>
  <datafield tag="GSI" ind1="7" ind2=" ">
    <subfield code="a">2861876</subfield>
    <subfield code="2">geonames</subfield>
    <subfield code="A">GND</subfield>
    <subfield code="B">GND-040425703</subfield>
    <subfield code="C">024</subfield>
  </datafield>
  <datafield tag="GGN" ind1=" " ind2=" ">
    <subfield code="a">Nord-Westphalie</subfield>
    <subfield code="A">GND</subfield>
    <subfield code="B">GND-040425703</subfield>
    <subfield code="C">451</subfield>
  </datafield>
  <datafield tag="GGN" ind1=" " ind2=" ">
    <subfield code="a">Norte-Westfalia</subfield>
    <subfield code="A">GND</subfield>
    <subfield code="B">GND-040425703</subfield>
    <subfield code="C">451</subfield>
  </datafield>
  <datafield tag="GGN" ind1=" " ind2=" ">
    <subfield code="a">NRW</subfield>
    <subfield code="4">abku</subfield>
    <subfield code="i">Abkuerzung</subfield>
    <subfield code="A">GND</subfield>
    <subfield code="B">GND-040425703</subfield>
    <subfield code="C">451</subfield>
  </datafield>
  <datafield tag="GGN" ind1=" " ind2=" ">
    <subfield code="a">North Rhine-Westphalia</subfield>
    <subfield code="A">GND</subfield>
    <subfield code="B">GND-040425703</subfield>
    <subfield code="C">451</subfield>
  </datafield>
  <datafield tag="GGN" ind1=" " ind2=" ">
    <subfield code="a">NW</subfield>
    <subfield code="4">abku</subfield>
    <subfield code="i">Abkuerzung</subfield>
    <subfield code="A">GND</subfield>
    <subfield code="B">GND-040425703</subfield>
    <subfield code="C">451</subfield>
  </datafield>
  <datafield tag="GGN" ind1=" " ind2=" ">
    <subfield code="a">Noordrijn-Westfalen</subfield>
    <subfield code="A">GND</subfield>
    <subfield code="B">GND-040425703</subfield>
    <subfield code="C">451</subfield>
  </datafield>
  <datafield tag="GGN" ind1=" " ind2=" ">
    <subfield code="a">North-Rhine/Westphalia</subfield>
    <subfield code="A">GND</subfield>
    <subfield code="B">GND-040425703</subfield>
    <subfield code="C">451</subfield>
  </datafield>
  <datafield tag="GGN" ind1=" " ind2=" ">
    <subfield code="a">Land Nordrhein-Westfalen</subfield>
    <subfield code="4">nauv</subfield>
    <subfield code="i">Unveraenderte Form</subfield>
    <subfield code="A">GND</subfield>
    <subfield code="B">GND-040425703</subfield>
    <subfield code="C">451</subfield>
  </datafield>
  <datafield tag="GKT" ind1="2" ind2=" ">
    <subfield code="a">Finanzministerium NRW</subfield>
    <subfield code="A">GND</subfield>
    <subfield code="B">GND-963177966</subfield>
    <subfield code="C">410</subfield>
  </datafield>
  <datafield tag="GKT" ind1="2" ind2=" ">
    <subfield code="a">Finanzministerium</subfield>
    <subfield code="g">Nordrhein-Westfalen</subfield>
    <subfield code="A">GND</subfield>
    <subfield code="B">GND-963177966</subfield>
    <subfield code="C">410</subfield>
  </datafield>
  <datafield tag="GSI" ind1="7" ind2=" ">
    <subfield code="a">http://d-nb.info/gnd/10030850-8</subfield>
    <subfield code="2">uri</subfield>
    <subfield code="A">GND</subfield>
    <subfield code="B">GND-963177966</subfield>
    <subfield code="C">024</subfield>
  </datafield>
</record>
